%YAML 1.1
%TAG !u! tag:unity3d.com,2011:
--- !u!1 &993757085758696641
GameObject:
  m_ObjectHideFlags: 0
  m_CorrespondingSourceObject: {fileID: 0}
  m_PrefabInstance: {fileID: 0}
  m_PrefabAsset: {fileID: 0}
  serializedVersion: 6
  m_Component:
  - component: {fileID: 3847650685755566827}
  - component: {fileID: 4996984079587432255}
  - component: {fileID: 1865351779908716636}
  - component: {fileID: 1001132742250443509}
  - component: {fileID: 7308199365438702963}
  m_Layer: 6
  m_Name: CardScene
  m_TagString: Card
  m_Icon: {fileID: 0}
  m_NavMeshLayer: 0
  m_StaticEditorFlags: 0
  m_IsActive: 1
--- !u!4 &3847650685755566827
Transform:
  m_ObjectHideFlags: 0
  m_CorrespondingSourceObject: {fileID: 0}
  m_PrefabInstance: {fileID: 0}
  m_PrefabAsset: {fileID: 0}
  m_GameObject: {fileID: 993757085758696641}
  m_LocalRotation: {x: -0, y: -0, z: -0, w: 1}
  m_LocalPosition: {x: 0, y: 0, z: 0}
  m_LocalScale: {x: 1, y: 1, z: 1}
  m_ConstrainProportionsScale: 1
  m_Children:
  - {fileID: 5942242697715222644}
  - {fileID: 4780449685213272543}
  m_Father: {fileID: 0}
  m_RootOrder: 0
  m_LocalEulerAnglesHint: {x: 0, y: 0, z: 0}
--- !u!23 &4996984079587432255
MeshRenderer:
  m_ObjectHideFlags: 0
  m_CorrespondingSourceObject: {fileID: 0}
  m_PrefabInstance: {fileID: 0}
  m_PrefabAsset: {fileID: 0}
  m_GameObject: {fileID: 993757085758696641}
  m_Enabled: 1
  m_CastShadows: 1
  m_ReceiveShadows: 1
  m_DynamicOccludee: 1
  m_StaticShadowCaster: 0
  m_MotionVectors: 1
  m_LightProbeUsage: 1
  m_ReflectionProbeUsage: 1
  m_RayTracingMode: 2
  m_RayTraceProcedural: 0
  m_RenderingLayerMask: 1
  m_RendererPriority: 0
  m_Materials:
  - {fileID: 10100, guid: 0000000000000000e000000000000000, type: 0}
  m_StaticBatchInfo:
    firstSubMesh: 0
    subMeshCount: 0
  m_StaticBatchRoot: {fileID: 0}
  m_ProbeAnchor: {fileID: 0}
  m_LightProbeVolumeOverride: {fileID: 0}
  m_ScaleInLightmap: 1
  m_ReceiveGI: 1
  m_PreserveUVs: 0
  m_IgnoreNormalsForChartDetection: 0
  m_ImportantGI: 0
  m_StitchLightmapSeams: 1
  m_SelectedEditorRenderState: 3
  m_MinimumChartSize: 4
  m_AutoUVMaxDistance: 0.5
  m_AutoUVMaxAngle: 89
  m_LightmapParameters: {fileID: 0}
  m_SortingLayerID: 0
  m_SortingLayer: 0
  m_SortingOrder: 0
  m_AdditionalVertexStreams: {fileID: 0}
--- !u!114 &1865351779908716636
MonoBehaviour:
  m_ObjectHideFlags: 0
  m_CorrespondingSourceObject: {fileID: 0}
  m_PrefabInstance: {fileID: 0}
  m_PrefabAsset: {fileID: 0}
  m_GameObject: {fileID: 993757085758696641}
  m_Enabled: 1
  m_EditorHideFlags: 0
  m_Script: {fileID: 11500000, guid: 0397fdc3002c77d40a15ee348f91568d, type: 3}
  m_Name: 
  m_EditorClassIdentifier: 
  reference: {fileID: 11400000, guid: 1985caf05b4af544f8d489a9bb614d3c, type: 2}
  cardImage: {fileID: 6311151834455732876}
  cardBackImage: {fileID: 141153119406704119}
  cardTitle: {fileID: 1664566465797672288}
  cardDescription: {fileID: 8593293848055136899}
  cardPower: {fileID: 1848950391902913110}
  cardDefense: {fileID: 3577752487405266978}
  putCardClip: {fileID: 8300000, guid: 269cb4d99acdfe84c80469a1af036adb, type: 3}
  costContent: {fileID: 7117564854390969748}
  currentPlacer: {fileID: 0}
  counterText: {fileID: 1937750021352682317}
  counterBorder: {fileID: 3551256382752351926}
  cardStatus: {fileID: 3771825538965437284}
--- !u!65 &1001132742250443509
BoxCollider:
  m_ObjectHideFlags: 0
  m_CorrespondingSourceObject: {fileID: 0}
  m_PrefabInstance: {fileID: 0}
  m_PrefabAsset: {fileID: 0}
  m_GameObject: {fileID: 993757085758696641}
  m_Material: {fileID: 0}
  m_IsTrigger: 0
  m_Enabled: 1
  serializedVersion: 2
  m_Size: {x: 1.4579983, y: 1.9913629, z: 1}
  m_Center: {x: -0.002898693, y: -0.026088536, z: 0}
--- !u!82 &7308199365438702963
AudioSource:
  m_ObjectHideFlags: 0
  m_CorrespondingSourceObject: {fileID: 0}
  m_PrefabInstance: {fileID: 0}
  m_PrefabAsset: {fileID: 0}
  m_GameObject: {fileID: 993757085758696641}
  m_Enabled: 1
  serializedVersion: 4
  OutputAudioMixerGroup: {fileID: 0}
  m_audioClip: {fileID: 0}
  m_PlayOnAwake: 1
  m_Volume: 1
  m_Pitch: 1
  Loop: 0
  Mute: 0
  Spatialize: 0
  SpatializePostEffects: 0
  Priority: 128
  DopplerLevel: 1
  MinDistance: 1
  MaxDistance: 500
  Pan2D: 0
  rolloffMode: 0
  BypassEffects: 0
  BypassListenerEffects: 0
  BypassReverbZones: 0
  rolloffCustomCurve:
    serializedVersion: 2
    m_Curve:
    - serializedVersion: 3
      time: 0
      value: 1
      inSlope: 0
      outSlope: 0
      tangentMode: 0
      weightedMode: 0
      inWeight: 0.33333334
      outWeight: 0.33333334
    - serializedVersion: 3
      time: 1
      value: 0
      inSlope: 0
      outSlope: 0
      tangentMode: 0
      weightedMode: 0
      inWeight: 0.33333334
      outWeight: 0.33333334
    m_PreInfinity: 2
    m_PostInfinity: 2
    m_RotationOrder: 4
  panLevelCustomCurve:
    serializedVersion: 2
    m_Curve:
    - serializedVersion: 3
      time: 0
      value: 0
      inSlope: 0
      outSlope: 0
      tangentMode: 0
      weightedMode: 0
      inWeight: 0.33333334
      outWeight: 0.33333334
    m_PreInfinity: 2
    m_PostInfinity: 2
    m_RotationOrder: 4
  spreadCustomCurve:
    serializedVersion: 2
    m_Curve:
    - serializedVersion: 3
      time: 0
      value: 0
      inSlope: 0
      outSlope: 0
      tangentMode: 0
      weightedMode: 0
      inWeight: 0.33333334
      outWeight: 0.33333334
    m_PreInfinity: 2
    m_PostInfinity: 2
    m_RotationOrder: 4
  reverbZoneMixCustomCurve:
    serializedVersion: 2
    m_Curve:
    - serializedVersion: 3
      time: 0
      value: 1
      inSlope: 0
      outSlope: 0
      tangentMode: 0
      weightedMode: 0
      inWeight: 0.33333334
      outWeight: 0.33333334
    m_PreInfinity: 2
    m_PostInfinity: 2
    m_RotationOrder: 4
--- !u!1001 &580226306635171860
PrefabInstance:
  m_ObjectHideFlags: 0
  serializedVersion: 2
  m_Modification:
    m_TransformParent: {fileID: 3847650685755566827}
    m_Modifications:
    - target: {fileID: 4126977437262769826, guid: 5252e25f99d5d9c44a62d53c817d6ac7, type: 3}
      propertyPath: m_Name
      value: Counter
      objectReference: {fileID: 0}
    - target: {fileID: 4126977437262769826, guid: 5252e25f99d5d9c44a62d53c817d6ac7, type: 3}
      propertyPath: m_IsActive
      value: 0
      objectReference: {fileID: 0}
    - target: {fileID: 5357860141487116747, guid: 5252e25f99d5d9c44a62d53c817d6ac7, type: 3}
      propertyPath: m_RootOrder
      value: 1
      objectReference: {fileID: 0}
    - target: {fileID: 5357860141487116747, guid: 5252e25f99d5d9c44a62d53c817d6ac7, type: 3}
      propertyPath: m_LocalPosition.x
      value: 0
      objectReference: {fileID: 0}
    - target: {fileID: 5357860141487116747, guid: 5252e25f99d5d9c44a62d53c817d6ac7, type: 3}
      propertyPath: m_LocalPosition.y
      value: 0
      objectReference: {fileID: 0}
    - target: {fileID: 5357860141487116747, guid: 5252e25f99d5d9c44a62d53c817d6ac7, type: 3}
      propertyPath: m_LocalPosition.z
      value: 0
      objectReference: {fileID: 0}
    - target: {fileID: 5357860141487116747, guid: 5252e25f99d5d9c44a62d53c817d6ac7, type: 3}
      propertyPath: m_LocalRotation.w
      value: 1
      objectReference: {fileID: 0}
    - target: {fileID: 5357860141487116747, guid: 5252e25f99d5d9c44a62d53c817d6ac7, type: 3}
      propertyPath: m_LocalRotation.x
      value: 0
      objectReference: {fileID: 0}
    - target: {fileID: 5357860141487116747, guid: 5252e25f99d5d9c44a62d53c817d6ac7, type: 3}
      propertyPath: m_LocalRotation.y
      value: 0
      objectReference: {fileID: 0}
    - target: {fileID: 5357860141487116747, guid: 5252e25f99d5d9c44a62d53c817d6ac7, type: 3}
      propertyPath: m_LocalRotation.z
      value: 0
      objectReference: {fileID: 0}
    - target: {fileID: 5357860141487116747, guid: 5252e25f99d5d9c44a62d53c817d6ac7, type: 3}
      propertyPath: m_LocalEulerAnglesHint.x
      value: 0
      objectReference: {fileID: 0}
    - target: {fileID: 5357860141487116747, guid: 5252e25f99d5d9c44a62d53c817d6ac7, type: 3}
      propertyPath: m_LocalEulerAnglesHint.y
      value: 0
      objectReference: {fileID: 0}
    - target: {fileID: 5357860141487116747, guid: 5252e25f99d5d9c44a62d53c817d6ac7, type: 3}
      propertyPath: m_LocalEulerAnglesHint.z
      value: 0
      objectReference: {fileID: 0}
    m_RemovedComponents: []
  m_SourcePrefab: {fileID: 100100000, guid: 5252e25f99d5d9c44a62d53c817d6ac7, type: 3}
--- !u!114 &1937750021352682317 stripped
MonoBehaviour:
  m_CorrespondingSourceObject: {fileID: 1362661734710049625, guid: 5252e25f99d5d9c44a62d53c817d6ac7, type: 3}
  m_PrefabInstance: {fileID: 580226306635171860}
  m_PrefabAsset: {fileID: 0}
  m_GameObject: {fileID: 0}
  m_Enabled: 1
  m_EditorHideFlags: 0
  m_Script: {fileID: 11500000, guid: 9541d86e2fd84c1d9990edf0852d74ab, type: 3}
  m_Name: 
  m_EditorClassIdentifier: 
--- !u!1 &3551256382752351926 stripped
GameObject:
  m_CorrespondingSourceObject: {fileID: 4126977437262769826, guid: 5252e25f99d5d9c44a62d53c817d6ac7, type: 3}
  m_PrefabInstance: {fileID: 580226306635171860}
  m_PrefabAsset: {fileID: 0}
--- !u!4 &4780449685213272543 stripped
Transform:
  m_CorrespondingSourceObject: {fileID: 5357860141487116747, guid: 5252e25f99d5d9c44a62d53c817d6ac7, type: 3}
  m_PrefabInstance: {fileID: 580226306635171860}
  m_PrefabAsset: {fileID: 0}
--- !u!1001 &7427156694557663903
PrefabInstance:
  m_ObjectHideFlags: 0
  serializedVersion: 2
  m_Modification:
    m_TransformParent: {fileID: 3847650685755566827}
    m_Modifications:
    - target: {fileID: 993757085758696641, guid: ca8d7c878e1433841bd01fac47b4e254, type: 3}
      propertyPath: m_Name
      value: Card
      objectReference: {fileID: 0}
    - target: {fileID: 3847650685755566827, guid: ca8d7c878e1433841bd01fac47b4e254, type: 3}
      propertyPath: m_RootOrder
      value: 0
      objectReference: {fileID: 0}
    - target: {fileID: 3847650685755566827, guid: ca8d7c878e1433841bd01fac47b4e254, type: 3}
      propertyPath: m_LocalPosition.x
      value: 0
      objectReference: {fileID: 0}
    - target: {fileID: 3847650685755566827, guid: ca8d7c878e1433841bd01fac47b4e254, type: 3}
      propertyPath: m_LocalPosition.y
      value: 0
      objectReference: {fileID: 0}
    - target: {fileID: 3847650685755566827, guid: ca8d7c878e1433841bd01fac47b4e254, type: 3}
      propertyPath: m_LocalPosition.z
      value: 0
      objectReference: {fileID: 0}
    - target: {fileID: 3847650685755566827, guid: ca8d7c878e1433841bd01fac47b4e254, type: 3}
      propertyPath: m_LocalRotation.w
      value: 1
      objectReference: {fileID: 0}
    - target: {fileID: 3847650685755566827, guid: ca8d7c878e1433841bd01fac47b4e254, type: 3}
      propertyPath: m_LocalRotation.x
      value: -0
      objectReference: {fileID: 0}
    - target: {fileID: 3847650685755566827, guid: ca8d7c878e1433841bd01fac47b4e254, type: 3}
      propertyPath: m_LocalRotation.y
      value: -0
      objectReference: {fileID: 0}
    - target: {fileID: 3847650685755566827, guid: ca8d7c878e1433841bd01fac47b4e254, type: 3}
      propertyPath: m_LocalRotation.z
      value: -0
      objectReference: {fileID: 0}
    - target: {fileID: 3847650685755566827, guid: ca8d7c878e1433841bd01fac47b4e254, type: 3}
      propertyPath: m_LocalEulerAnglesHint.x
      value: 0
      objectReference: {fileID: 0}
    - target: {fileID: 3847650685755566827, guid: ca8d7c878e1433841bd01fac47b4e254, type: 3}
      propertyPath: m_LocalEulerAnglesHint.y
      value: 0
      objectReference: {fileID: 0}
    - target: {fileID: 3847650685755566827, guid: ca8d7c878e1433841bd01fac47b4e254, type: 3}
      propertyPath: m_LocalEulerAnglesHint.z
      value: 0
      objectReference: {fileID: 0}
    - target: {fileID: 4306176576473179270, guid: ca8d7c878e1433841bd01fac47b4e254, type: 3}
      propertyPath: m_Name
      value: Sprite
      objectReference: {fileID: 0}
    m_RemovedComponents: []
  m_SourcePrefab: {fileID: 100100000, guid: ca8d7c878e1433841bd01fac47b4e254, type: 3}
--- !u!212 &141153119406704119 stripped
SpriteRenderer:
  m_CorrespondingSourceObject: {fileID: 7415165422307829608, guid: ca8d7c878e1433841bd01fac47b4e254, type: 3}
  m_PrefabInstance: {fileID: 7427156694557663903}
  m_PrefabAsset: {fileID: 0}
--- !u!114 &1664566465797672288 stripped
MonoBehaviour:
  m_CorrespondingSourceObject: {fileID: 8073605890447765503, guid: ca8d7c878e1433841bd01fac47b4e254, type: 3}
  m_PrefabInstance: {fileID: 7427156694557663903}
  m_PrefabAsset: {fileID: 0}
  m_GameObject: {fileID: 0}
  m_Enabled: 1
  m_EditorHideFlags: 0
  m_Script: {fileID: 11500000, guid: f4688fdb7df04437aeb418b961361dc5, type: 3}
  m_Name: 
  m_EditorClassIdentifier: 
--- !u!114 &1848950391902913110 stripped
MonoBehaviour:
  m_CorrespondingSourceObject: {fileID: 9131687320107835593, guid: ca8d7c878e1433841bd01fac47b4e254, type: 3}
  m_PrefabInstance: {fileID: 7427156694557663903}
  m_PrefabAsset: {fileID: 0}
  m_GameObject: {fileID: 0}
  m_Enabled: 1
  m_EditorHideFlags: 0
  m_Script: {fileID: 11500000, guid: f4688fdb7df04437aeb418b961361dc5, type: 3}
  m_Name: 
  m_EditorClassIdentifier: 
--- !u!114 &3577752487405266978 stripped
MonoBehaviour:
  m_CorrespondingSourceObject: {fileID: 6247677165556042429, guid: ca8d7c878e1433841bd01fac47b4e254, type: 3}
  m_PrefabInstance: {fileID: 7427156694557663903}
  m_PrefabAsset: {fileID: 0}
  m_GameObject: {fileID: 0}
  m_Enabled: 1
  m_EditorHideFlags: 0
  m_Script: {fileID: 11500000, guid: f4688fdb7df04437aeb418b961361dc5, type: 3}
  m_Name: 
  m_EditorClassIdentifier: 
--- !u!1 &3771825538965437284 stripped
GameObject:
  m_CorrespondingSourceObject: {fileID: 6001812855735835131, guid: ca8d7c878e1433841bd01fac47b4e254, type: 3}
  m_PrefabInstance: {fileID: 7427156694557663903}
  m_PrefabAsset: {fileID: 0}
--- !u!4 &5942242697715222644 stripped
Transform:
  m_CorrespondingSourceObject: {fileID: 3847650685755566827, guid: ca8d7c878e1433841bd01fac47b4e254, type: 3}
  m_PrefabInstance: {fileID: 7427156694557663903}
  m_PrefabAsset: {fileID: 0}
--- !u!212 &6311151834455732876 stripped
SpriteRenderer:
  m_CorrespondingSourceObject: {fileID: 3496825819925303315, guid: ca8d7c878e1433841bd01fac47b4e254, type: 3}
  m_PrefabInstance: {fileID: 7427156694557663903}
  m_PrefabAsset: {fileID: 0}
--- !u!224 &7117564854390969748 stripped
RectTransform:
  m_CorrespondingSourceObject: {fileID: 420000453787481867, guid: ca8d7c878e1433841bd01fac47b4e254, type: 3}
  m_PrefabInstance: {fileID: 7427156694557663903}
  m_PrefabAsset: {fileID: 0}
--- !u!114 &8593293848055136899 stripped
MonoBehaviour:
  m_CorrespondingSourceObject: {fileID: 1176297740450553884, guid: ca8d7c878e1433841bd01fac47b4e254, type: 3}
  m_PrefabInstance: {fileID: 7427156694557663903}
  m_PrefabAsset: {fileID: 0}
  m_GameObject: {fileID: 0}
  m_Enabled: 1
  m_EditorHideFlags: 0
  m_Script: {fileID: 11500000, guid: f4688fdb7df04437aeb418b961361dc5, type: 3}
  m_Name: 
  m_EditorClassIdentifier: 
